
    <marc:record>
        <marc:leader>00354npcaa22001215a 4500</marc:leader>
        <marc:controlfield tag="001">003953857</marc:controlfield>
        <marc:controlfield tag="005">20120524102215.0</marc:controlfield>
        <marc:controlfield tag="008">050519i19241924nyu||||| |||||||||||eng d</marc:controlfield>
        <marc:datafield tag="099" ind1=" " ind2=" ">
            <marc:subfield code="a">6th 24:C-D (Sm. Coll., Box 1)</marc:subfield>
        </marc:datafield>
        <marc:datafield tag="100" ind1="3" ind2=" ">
            <marc:subfield code="a">Alden (Family)</marc:subfield>
        </marc:datafield>
        <marc:datafield tag="245" ind1="1" ind2="0">
            <marc:subfield code="a">Letter from Nathalia Crane to Mrs. Alden,</marc:subfield>
            <marc:subfield code="f">1924.</marc:subfield>
        </marc:datafield>
        <marc:datafield tag="300" ind1=" " ind2=" ">
            <marc:subfield code="a">1</marc:subfield>
            <marc:subfield code="f">item</marc:subfield>
            <marc:subfield code="a">(.1</marc:subfield>
            <marc:subfield code="f">lin. ft.)</marc:subfield>
        </marc:datafield>
        <marc:datafield tag="500" ind1=" " ind2=" ">
            <marc:subfield code="a">RBMSCL barcoding project.</marc:subfield>
        </marc:datafield>
    </marc:record>