
    <marc:record>
        <marc:leader>01962cpcaa2200325Ia 4500</marc:leader>
        <marc:controlfield tag="001">004652867</marc:controlfield>
        <marc:controlfield tag="005">20140205134851.0</marc:controlfield>
        <marc:controlfield tag="008">101222i19341946ilu                 eng d</marc:controlfield>
        <marc:datafield tag="035" ind1=" " ind2=" ">
            <marc:subfield code="a">694100817</marc:subfield>
        </marc:datafield>
        <marc:datafield tag="040" ind1=" " ind2=" ">
            <marc:subfield code="a">NDD</marc:subfield>
            <marc:subfield code="c">NDD</marc:subfield>
            <marc:subfield code="d">NDD</marc:subfield>
        </marc:datafield>
        <marc:datafield tag="049" ind1=" " ind2=" ">
            <marc:subfield code="a">NDDP</marc:subfield>
        </marc:datafield>
        <marc:datafield tag="245" ind1="0" ind2="0">
            <marc:subfield code="a">African American cosmetics labels,</marc:subfield>
            <marc:subfield code="f">1934-1946 and undated.</marc:subfield>
        </marc:datafield>
        <marc:datafield tag="300" ind1=" " ind2=" ">
            <marc:subfield code="a">50</marc:subfield>
            <marc:subfield code="f">items</marc:subfield>
            <marc:subfield code="a">(0.2</marc:subfield>
            <marc:subfield code="f">lin. ft.)</marc:subfield>
        </marc:datafield>
        <marc:datafield tag="351" ind1=" " ind2=" ">
            <marc:subfield code="a">Organized by company name.</marc:subfield>
        </marc:datafield>
        <marc:datafield tag="520" ind1="8" ind2=" ">
            <marc:subfield code="a">Collection comprises 50 labels from cosmetics intended for African American consumers by the Chicago-based companies Famous Products, Madam Jones, and Valmor Products. All the companies were owned by industrialists Morton and Rose Neumann, a white, Jewish couple from Chicago. There are labels for skin cream, hair dressing products, scented lotions and oils, talcum and face powder, after shave, and incense. Brand names represented include Lucky Brown, Sweet Georgia Brown, and Madam Jones. The labels featured images of light-skinned men and women with straightened hair, and label text often focused on attracting members of the opposite sex. Acquired as part of the John W. Hartman Center for Sales, Advertising &amp; Marketing History and the John Hope Franklin Research Center for African and African American History and Culture.</marc:subfield>
        </marc:datafield>
        <marc:datafield tag="500" ind1=" " ind2=" ">
            <marc:subfield code="a">Cataloged from items.</marc:subfield>
        </marc:datafield>
        <marc:datafield tag="541" ind1=" " ind2=" ">
            <marc:subfield code="a">.</marc:subfield>
            <marc:subfield code="c">Purchased</marc:subfield>
            <marc:subfield code="d">2010;</marc:subfield>
            <marc:subfield code="e">2010-0216;</marc:subfield>
            <marc:subfield code="n">0.2</marc:subfield>
            <marc:subfield code="o">lin. ft.</marc:subfield>
        </marc:datafield>
        <marc:datafield tag="541" ind1=" " ind2=" ">
            <marc:subfield code="a">.</marc:subfield>
            <marc:subfield code="c">Purchased</marc:subfield>
            <marc:subfield code="d">2011;</marc:subfield>
            <marc:subfield code="e">2011-1024.</marc:subfield>
        </marc:datafield>
        <marc:datafield tag="600" ind1="1" ind2="0">
            <marc:subfield code="a">Neumann, Morton G.</marc:subfield>
        </marc:datafield>
        <marc:datafield tag="650" ind1=" " ind2="0">
            <marc:subfield code="a">African American consumers.</marc:subfield>
        </marc:datafield>
        <marc:datafield tag="650" ind1=" " ind2="0">
            <marc:subfield code="a">Beauty culture</marc:subfield>
            <marc:subfield code="z">United States</marc:subfield>
            <marc:subfield code="x">History.</marc:subfield>
        </marc:datafield>
        <marc:datafield tag="650" ind1=" " ind2="0">
            <marc:subfield code="a">Cosmetics industry.</marc:subfield>
        </marc:datafield>
        <marc:datafield tag="650" ind1=" " ind2="0">
            <marc:subfield code="a">Cosmetics</marc:subfield>
            <marc:subfield code="x">Marketing.</marc:subfield>
        </marc:datafield>
        <marc:datafield tag="650" ind1=" " ind2="0">
            <marc:subfield code="a">Hairdressing of African Americans.</marc:subfield>
        </marc:datafield>
        <marc:datafield tag="650" ind1=" " ind2="0">
            <marc:subfield code="a">Marketing</marc:subfield>
            <marc:subfield code="z">United States.</marc:subfield>
        </marc:datafield>
        <marc:datafield tag="650" ind1=" " ind2="0">
            <marc:subfield code="a">Packaging.</marc:subfield>
        </marc:datafield>
        <marc:datafield tag="650" ind1=" " ind2="0">
            <marc:subfield code="a">Target marketing</marc:subfield>
            <marc:subfield code="z">United States.</marc:subfield>
        </marc:datafield>
        <marc:datafield tag="655" ind1=" " ind2="7">
            <marc:subfield code="a">Labels.</marc:subfield>
            <marc:subfield code="2">aat</marc:subfield>
        </marc:datafield>
        <marc:datafield tag="710" ind1="2" ind2=" ">
            <marc:subfield code="a">John W. Hartman Center for Sales, Advertising &amp; Marketing History.</marc:subfield>
        </marc:datafield>
        <marc:datafield tag="710" ind1="2" ind2=" ">
            <marc:subfield code="a">John Hope Franklin Research Center for African and African American History and Culture.</marc:subfield>
        </marc:datafield>
    </marc:record>